@article{antonini1992image,
  title = {Image coding using wavelet transform},
  author = {Antonini, Marc and others},
  journal = {IEEE Transactions on Image Processing},
  volume = {1},
  number = {2},
  pages = {205--220},
  year = {1992},
  publisher = {IEEE}
}

@incollection{arnaiz2010information,
  year = {2010},
  isbn = {978-1-84996-204-9},
  booktitle = {E-maintenance},
  editor = {Holmberg, Kenneth and Adgar, Adam and Arnaiz, Aitor and Jantunen, Erkki and Mascolo,
      Julien and Mekid, Samir},
  doi = {10.1007/978-1-84996-205-6_3},
  title = {Information and Communication Technologies Within E-maintenance},
  url = {http://dx.doi.org/10.1007/978-1-84996-205-6_3},
  publisher = {Springer London},
  author = {Arnaiz, Aitor and Iung, Benoit and Adgar, Adam and Naks, Tonu and Tohver, Avo and
      Tommingas, Toomas and Levrat, Eric},
  pages = {39-60},
  language = {English}
}

@book{bell2008service,
  title = {Service-Oriented Modeling (SOA): Service Analysis, Design, and Architecture},
  author = {Bell, M.},
  isbn = {9780470255704},
  url = {http://books.google.com.br/books?id=NAyhSRjPWEIC},
  year = {2008},
  publisher = {Wiley},
  address = {New Jersey}
}

@book{bieberstein2008executing,
  title = {Executing SOA: A Practical Guide for the Service-Oriented Architect},
  author = {Bieberstein, N. and Laird, R. and Jones, K. and Mitra, T.},
  isbn = {9780132704281},
  url = {http://books.google.com.br/books?id=VIrz5v4MMkgC},
  year = {2008},
  publisher = {Pearson Education},
  address = {Boston, MA}
}

@book{bloch2012machinery,
  title = {Machinery Failure Analysis and Troubleshooting: Practical Machinery Management for
      Process Plants},
  author = {Bloch, H.P. and Geitner, F.K.},
  isbn = {9780123860460},
  lccn = {2012554053},
  series = {Practical Machinery Management for Process Plants},
  url = {http://books.google.com.br/books?id=NdDmayNBAskC},
  year = {2012},
  publisher = {Elsevier Science}
}

@mastersthesis{boesch2011deteccao,
  author = {BÖesch, Klaus},
  title = {Detecção de falhas por fusão de sensores em atuadores elétricos},
  year = {2011},
  pages = {93},
  type = {Projeto de diplomação (Graduação em Engenharia Elétrica)},
  school = {Universidade Federal do Rio Grande do Sul},
  address = {Porto Alegre}
}

@inproceedings{bohn2006sirena,
  title = {SIRENA -- Service Infrastructure for Real-time Embedded Networked Devices: A service
      oriented framework for different domains},
  author = {Bohn, Hendrik and Bobek, Andreas and Golatowski, Frank},
  booktitle = {Proceedings of the International Conference on Networking Systems and International
      Conference on Mobile Communications and Learning Technologies},
  pages = {43--43},
  year = {2006},
  organization = {IEEE},
  address = {Mauritius}
}

@book{brown2008implementing,
  title = {Implementing SOA: Total Architecture in Practice},
  author = {Brown, P.C.},
  isbn = {9780132702423},
  series = {TIBCO Press},
  year = {2008},
  publisher = {Pearson Education}
}

@book{campos2006controles,
  title = {Controles típicos de equipamentos e processos industriais},
  author = {de Campos, M.C.M.M. and Teixeira, H.C.G.},
  isbn = {9788521203988},
  year = {2006},
  address = {Rio de Janeiro},
  publisher = {Edgard Blücher}
}

@incollection{cannata2010dynamic,
  title = {Dynamic e-Maintenance in the era of {SOA-ready} device dominated industrial environments},
  copyright = {2010 Springer-Verlag London},
  isbn = {978-0-85729-321-3, 978-0-85729-320-6},
  language = {en},
  urldate = {2013-05-03},
  booktitle = {Engineering Asset Lifecycle Management},
  publisher = {Springer},
  author = {Cannata, Alessandro and Karnouskos, Stamatis and Taisch, Marco},
  editor = {Kiritsis, Dimitris and others},
  month = {Jan.},
  year = {2010},
  pages = {411--419},
  address = {London}
}

@inproceedings{candido2010industrial,
  author = {Candido, G. and others},
  booktitle = {Proceedings of the IEEE International Symposium on Industrial Electronics (ISIE)},
  title = {Service-oriented Architecture at device level to support Evolvable Production Systems},
  year = {2010},
  pages = {2669-2674},
  organization = {IEEE},
  doi = {10.1109/ISIE.2010.5637527},
  address = {Bari}
}

@inproceedings{candido2010soa,
  author = {Candido, G. and others},
  title = {{SOA} at device level in the industrial domain: Assessment of {OPC} {UA} and {DPWS}
      specifications},
  shorttitle = {{SOA} at device level in the industrial domain},
  booktitle = {Proceedings of the 8th {IEEE} International Conference on Industrial Informatics
      ({INDIN)}},
  year = {2010},
  pages = {598--603},
  doi = {10.1109/INDIN.2010.5549676},
  address = {Osaka}
}

@phdthesis{candido2013soa,
  author = {Candido, G.},
  title = {Service-Oriented Architecture for device lifecycle support in industrial automation},
  year = {2013},
  pages = {244},
  type = {Tese (Doutorado em Engenharia Eletrotécnica e de Computadores)},
  school = {Universidade Nova de Lisboa},
  address = {Portugal}
}

@phdthesis{carvajal2011sobre,
  author = {Carvajal, Ricardo Enrique Gutiérrez},
  title = {Sobre técnicas para manutenção e diagnóstico inteligente de sistemas macatrônicos. Estudo
      de caso utilizando cálculo de ordem fracionária},
  year = {2011},
  pages = {219},
  type = {Tese (Doutorado em Engenharia Mecânica)},
  school = {Universidade Estadual de Campinas},
  address = {Campinas}
}

@inproceedings{choi2010impact,
  title = {The impact of {SOA} implementation strategies on business value and agility: A systems
    dynamics approach},
  author = {Choi, Jae and Nazareth, Derek and Jain, Hemant},
  booktitle = {Proceedings of the 6 International Conference onAdvanced Information Management and
      Service ({IMS}) },
  pages = {1--6},
  year = {2010},
  organization = {IEEE},
  address = {Seoul}
}

@article{chu1998predictive,
  title = {Predictive maintenance: the one-unit replacement model},
  author = {Chu, Chengbin and Proth, Jean-Marie and Wolff, Philippe},
  journal = {International journal of production economics},
  volume = {54},
  number = {3},
  pages = {285--295},
  year = {1998},
  publisher = {Elsevier}
}

@incollection{colombo2010factory,
  title = {Factory of the Future: A Service-oriented System of Modular, Dynamic Reconfigurable and
      Collaborative Systems},
  author = {Colombo, A.-W. and Karnouskos, S. and Mendes, J.-M.},
  booktitle = {Artificial Intelligence Techniques for Networked Manufacturing Enterprises
      Management},
  editor = {Benyoucef, Lyes and Grabot, Bernard},
  doi = {10.1007/978-1-84996-119-6_15},
  isbn = {978-1-84996-118-9},
  pages = {459--481},
  year = {2010},
  publisher = {Springer},
  address = {London}
}

@article{de2006soda,
  title = {Soda: Service oriented device architecture},
  author = {de Deugd, Scott and others},
  journal = {Pervasive Computing, IEEE},
  volume = {5},
  number = {3},
  pages = {94--96},
  year = {2006},
  publisher = {IEEE}
}

@article{djurdjanovic2003watchdog,
  title = {Watchdog Agent—an infotronics-based prognostics approach for product performance
      degradation assessment and prediction},
  volume = {17},
  issn = {1474-0346},
  url = {http://www.sciencedirect.com/science/article/pii/S1474034604000102},
  doi = {10.1016/j.aei.2004.07.005},
  number = {3–4},
  urldate = {2013-09-04},
  journal = {Advanced Engineering Informatics},
  author = {Djurdjanovic, Dragan and Lee, Jay and Ni, Jun},
  month = {July},
  year = {2003},
  pages = {109--125},
}

@book{erl2005service,
  title = {Service-Oriented Architecture: Concepts, Technology, And Design},
  author = {Erl, T.},
  isbn = {9788131714904},
  year = {2005},
  publisher = {Pearson Education}
}

@phdthesis{espindola2011realidade,
  author = {EspÍndola, Danúbia},
  title = {Uma abordagem baseada em modelo para integração e gerenciamento dos dados de sistemas de
      manutenção inteligente através do uso de técnicas de realidade mista},
  year = {2011},
  pages = {156},
  type = {Tese (Doutorado em Engenharia Elétrica)},
  school = {Universidade Federal do Rio Grande do Sul},
  address = {Porto Alegre}
}

@mastersthesis{faccin2011manutencao,
  author = {Faccin, Felipe Carlos},
  title = {Manutenção Inteligente: Fusão de Sensores Aplicada na Detecção de Falhas em Atuadores
      Elétricos},
  year = {2011},
  pages = {89},
  type = {Projeto de diplomação (Graduação em Engenharia Elétrica)},
  school = {Universidade Federal do Rio Grande do Sul},
  address = {Porto Alegre}
}

@article{garcia2006simap,
  title = {{SIMAP}: Intelligent System for Predictive Maintenance: Application to the health
      condition monitoring of a windturbine gearbox},
  author = {Garcia, Mari Cruz and Sanz-Bobi, Miguel A and del Pico, Javier},
  journal = {Computers in Industry},
  volume = {57},
  number = {6},
  pages = {552--568},
  year = {2006},
  publisher = {Elsevier}
}

@inproceedings{goncalves2009design,
 author = {GonÇalves, Luiz F. and others},
 title = {Design of an Embedded System for the Proactive Maintenance of Electrical Valves},
 booktitle = {Proceedings of the 22 Annual Symposium on Integrated Circuits and System Design: Chip
    on the Dunes},
 series = {SBCCI '09},
 year = {2009},
 isbn = {978-1-60558-705-9},
 pages = {8:1--8:6},
 articleno = {8},
 numpages = {6},
 url = {http://doi.acm.org/10.1145/1601896.1601906},
 doi = {10.1145/1601896.1601906},
 acmid = {1601906},
 publisher = {ACM},
 location = {New York},
 address = {Natal}
}

@phdthesis{goncalves2011desenvolvimento,
  author = {GonÇalves, Luiz Fernando},
  title = {Desenvolvimento de um sistema de manutenção inteligente embarcado},
  year = {2011},
  pages = {233},
  type = {Tese (Doutorado em Engenharia Elétrica)},
  school = {Universidade Federal do Rio Grande do Sul},
  address = {Porto Alegre}
}

@article{goncalves2011fault,
  title = {Fault Detection, Diagnosis and Prediction in Electrical Valves Using Self-Organizing
      Maps},
  volume = {27},
  issn = {0923-8174, 1573-0727},
  url = {http://www.springerlink.com/index/10.1007/s10836-011-5220-0},
  doi = {10.1007/s10836-011-5220-0},
  number = {4},
  urldate = {2013-03-12},
  journal = {Journal of Electronic Testing},
  publisher = {Springer},
  author = {GonÇalves, Luiz Fernando and others},
  month = {Apr.},
  year = {2011},
  pages = {551--564},
}

@article{heng2009rotating,
  title = {Rotating machinery prognostics: State of the art, challenges and opportunities},
  volume = {23},
  issn = {0888-3270},
  shorttitle = {Rotating machinery prognostics},
  url = {http://www.sciencedirect.com/science/article/pii/S0888327008001489},
  doi = {10.1016/j.ymssp.2008.06.009},
  number = {3},
  urldate = {2013-09-04},
  journal = {Mechanical Systems and Signal Processing},
  author = {Heng, Aiwina and others},
  month = {Apr.},
  year = {2009},
  pages = {724--739},
}

@inproceedings{hu2012prognostic,
  title = {Prognostic methodology for health management of electrical equipments of propulsion
      system in a type of vessel based on artificial immune algorithm},
  doi = {10.1109/PHM.2012.6228812},
  booktitle = {Proceedings of the {IEEE} Conference on Prognostics and System Health Management
      ({PHM)}},
  author = {Hu, Bo and Qin, Shiyin},
  month = {May.},
  year = {2012},
  pages = {1--8},
  organization = {IEEE},
  address = {Beijing}
}

@book{hakansson2010agent,
  title = {Agent and Multi-agent Technology for Internet and Enterprise Systems},
  author = {Hakansson, A. and Hartung, R. and Nguyen, N.T.},
  isbn = {9783642135255},
  lccn = {2010928722},
  series = {Studies in Computational Intelligence},
  year = {2010},
  publisher = {Springer}
}

@book{hosmer2013applied,
  title = {Applied Logistic Regression},
  author = {Hosmer, D.W. and Lemeshow, S. and Sturdivant, R.X.},
  isbn = {9781118548356},
  lccn = {2013010300},
  series = {Wiley Series in Probability and Statistics},
  url = {http://books.google.com.br/books?id=bRoxQBIZRd4C},
  year = {2013},
  publisher = {Wiley}
}

@inproceedings{hua2013mobile,
  title = {Mobile agent based artificial immune system for machine condition monitoring},
  doi = {10.1109/ICIEA.2013.6566349},
  booktitle = {Proceedings of the 8th {IEEE} Conference on Industrial Electronics and Applications
      ({ICIEA)}},
  author = {Hua, Xue-Liang and Gondal, I. and Yaqub, F.},
  year = {2013},
  pages = {108--113},
  organization = {IEEE},
  address = {Melbourne}
}

@misc{ims2007documentation,
  title = {Documentation of Watchdog Agent Toolbox Algorithms},
  author = {{IMS CENTER}},
  year = {2007},
  pages = {61},
  publisher = {{IMS} Center}
}

@article{iung2009conceptual,
  title = {Conceptual framework for e-Maintenance: Illustration by e-Maintenance technologies and platforms},
  volume = {33},
  issn = {1367-5788},
  shorttitle = {Conceptual framework for e-Maintenance},
  url = {http://www.sciencedirect.com/science/article/pii/S1367578809000546},
  doi = {10.1016/j.arcontrol.2009.05.005},
  number = {2},
  urldate = {2013-12-19},
  journal = {Annual Reviews in Control},
  author = {Iung, Benoît and Levrat, Eric and Marquez, Adolfo Crespo and Erbe, Heinz},
  month = {Dec.},
  year = {2009},
  pages = {220--229},
}

@inproceedings{jammes2005service,
  title = {Service-oriented architectures for devices -- the SIRENA view},
  author = {Jammes, Francois and Smit, Harm},
  booktitle = {Proceedings of the 3rd {IEEE} International Conference on Industrial Informatics
      ({INDIN'05})},
  pages = {140--147},
  year = {2005},
  organization = {IEEE},
  address = {Perth}
}

@online{java2013homepage,
  author = {{JAVA}},
  title = {{JAVA} Programming Language},
  howpublished = {http://www.java.com},
  month = {12 de Jun. de},
  year = {2013},
}

@online{jmeds2013homepage,
  author = {WS4D-JMEDS},
  title = {{WS4D-JMEDS} Web Services for Devices},
  howpublished = {http://ws4d.e-technik.uni-rostock.de/jmeds/},
  month = {15 de Jul. de },
  year = {2013}
}

@inproceedings{jokinen2012condition,
  title = {Condition monitoring for predictive maintenance in the pulp \& paper
    industry: Two implementations},
  author = {Jokinen, J and Postelnicu, C and Zhang, B and Camp, R and Suhonen, M
    and Karhumaki, O and Lastra, JL},
  booktitle = {Proceedings of the IEEE International Conference on Systems, Man, and Cybernetics
      (SMC)},
  pages = {1633--1638},
  year = {2012},
  organization = {IEEE}
}

@book{josuttis2009soa,
  title = {SOA in Practice: The Art of Distributed System Design},
  author = {Josuttis, N.M.},
  isbn = {9780596551551},
  year = {2009},
  publisher = {O'Reilly Media}
}

@inproceedings{karnouskos2010towards,
  title = {Towards an architecture for service-oriented process monitoring and control},
  author = {Karnouskos, Stamatis and others},
  booktitle = {Proceedings of the 63th Annual Conference on IEEE Industrial Electronics Society
      ({IECON})},
  pages = {1385--1391},
  year = {2010},
  organization = {IEEE},
  address = {Glendale}
}

@book{kirk2012programming,
  title = {Programming Massively Parallel Processors: A Hands-on Approach},
  author = {Kirk, D.B. and Hwu, W.W.},
  isbn = {9780123914187},
  url = {http://books.google.com.br/books?id=E0Uaag8qicUC},
  year = {2012},
  publisher = {Elsevier Science}
}

@mastersthesis{lazzaretti2012avaliacao,
  author = {Lazzaretti, Elisandra Pavoni},
  title = {Avaliação de desempenho de implementações em hardware e software de algoritmos para
      aplicações de manutenção inteligente},
  year = {2012},
  pages = {96},
  type = {Dissertação (Mestrado em Engenharia Elétrica)},
  school = {Universidade Federal do Rio Grande do Sul},
  address = {Porto Alegre}
}

@article{lee2006intelligent,
  title = {Intelligent prognostics tools and e-maintenance},
  volume = {57},
  issn = {0166-3615},
  url = {http://dx.doi.org/10.1016/j.compind.2006.02.014},
  doi = {10.1016/j.compind.2006.02.014},
  number = {6},
  urldate = {2013-08-26},
  journal = {Comput. Ind.},
  author = {Lee, Jay and others},
  month = {Aug.},
  year = {2006},
  pages = {476-489}
}

@incollection{lee2009informatics,
  title = {Informatics Platform for Designing and Deploying e-Manufacturing Systems},
  copyright = {©2009 Springer London},
  isbn = {978-1-84882-286-3, 978-1-84882-287-0},
  url = {http://link.springer.com/chapter/10.1007/978-1-84882-287-0_1},
  language = {en},
  urldate = {2013-12-11},
  booktitle = {Collaborative Design and Planning for Digital Manufacturing},
  publisher = {Springer},
  author = {Lee, Jay and others},
  editor = {Wang, Lihui and Nee, Andrew Y. C.},
  month = {Jan.},
  year = {2009},
  pages = {1--35},
  address = {London}
}

@article{lu2009predictive,
  title = {Predictive maintenance techniques},
  author = {Lu, Bin and Durocher, D and Stemper, Peter},
  journal = {Industry Applications Magazine, IEEE},
  volume = {15},
  number = {6},
  pages = {52--60},
  year = {2009},
  publisher = {IEEE}
}

@article{mallat1989theory,
  title = {A theory for multiresolution signal decomposition: the wavelet representation},
  volume = {11},
  issn = {0162-8828},
  shorttitle = {A theory for multiresolution signal decomposition},
  doi = {10.1109/34.192463},
  number = {7},
  journal = {{IEEE} Transactions on Pattern Analysis and Machine
  Intelligence},
  author = {Mallat, {S.G.}},
  year = {1989},
  pages = {674--693},
}

@article{marcal2005detectando,
  title = {Detectando falhas incipientes em máquinas rotativas},
  volume = {1},
  issn = {1808-0448},
  url = {http://revistas.utfpr.edu.br/pg/index.php/revistagi/article/view/167},
  doi = {10.3895/gi.v1i2.167},
  language = {pt},
  number = {2},
  urldate = {2013-12-10},
  journal = {Revista Gestão Industrial},
  author = {MarÇal, Rui F. M. and Susin, Altamiro A.},
  year = {2005},
}

@mastersthesis{marcelo2013analise,
  author = {Marcelo, Alisson},
  title = {Análise de desempenho da camada de segurança de aplicações {DPWS}},
  year = {2013},
  pages = {77},
  type = {Dissertação (Mestrado em Ciências da Computação)},
  school = {Universidade Federal do Rio Grande do Sul},
  address = {Porto Alegre}
}

@online{matlabcontrol2013homepage,
  author = {{MATLABCONTROL}},
  title = {matlabcontrol -- A Java {API} to interact with {MATLAB}},
  howpublished = {https://code.google.com/p/matlabcontrol},
  month = {13 de Maio de},
  year = {2013}
}

@inproceedings{moritz2008web,
  title = {Web services on deeply embedded devices with real-time processing},
  doi = {10.1109/ETFA.2008.4638429},
  booktitle = {Proceedings of the {IEEE} International Conference on Emerging Technologies and
      Factory Automation {ETFA}},
  author = {Moritz, G. and others},
  year = {2008},
  pages = {432--435},
  organization = {IEEE},
  address = {Hamburg}
}

@article{muller2008concept,
  title = {On the concept of e-maintenance: Review and current research},
  volume = {93},
  issn = {09518320},
  shorttitle = {On the concept of e-maintenance},
  url = {http://linkinghub.elsevier.com/retrieve/pii/S0951832007002189},
  doi = {10.1016/j.ress.2007.08.006},
  number = {8},
  urldate = {2013-03-12},
  journal = {Reliability Engineering \& System Safety},
  author = {Muller, Alexandre and Crespo Marquez, Adolfo and Iung, Benoît},
  month = {Aug.},
  year = {2008},
  keywords = {Decision support, Diagnostic, E-maintenance, maintenance, Monitoring, Prognostic},
  pages = {1165--1187},
}

@article{muller2008formalisation,
  title = {Formalisation of a new prognosis model for supporting proactive maintenance
      implementation on industrial system},
  volume = {93},
  issn = {0951-8320},
  url = {http://www.sciencedirect.com/science/article/pii/S095183200600278X},
  doi = {10.1016/j.ress.2006.12.004},
  number = {2},
  urldate = {2014-01-15},
  journal = {Reliability Engineering \& System Safety},
  author = {Muller, Alexandre and Suhner, Marie-Christine and Iung, Benoît},
  month = {Feb.},
  year = {2008},
  pages = {234--253},
}

@inproceedings{nagorny2013engineering,
  title = {An engineering approach for industrial {SoA-based} systems of systems},
  doi = {10.1109/ICIT.2013.6505978},
  booktitle = {Proceedings of the {IEEE} International Conference on Industrial Technology
      ({ICIT)}},
  author = {Nagorny, Kevin and others},
  year = {2013},
  pages = {1956--1961},
  organization = {IEEE},
  address = {Cape Town}
}

@article{nguyen2008new,
  title = {New tool for the evaluation of the scheduling of preventive maintenance for chemical
      process plants},
  author = {Nguyen, Duy Quang and Brammer, Christopher and Bagajewicz, Miguel},
  journal = {Industrial \& Engineering Chemistry Research},
  volume = {47},
  number = {6},
  pages = {1910--1924},
  year = {2008},
  publisher = {ACS Publications}
}

@article{oldham2003delivering,
  title = {Delivering Resource Productivity -- The Service Solution},
  author = {Oldham, J and James, P and Shaw, B},
  journal = {Green Alliance},
  year = {2003},
  address = {London}
}

@article{papazoglou2007service,
  title = {Service oriented architectures: approaches, technologies and research issues},
  volume = {16},
  issn = {1066-8888, 0949-{877X}},
  shorttitle = {Service oriented architectures},
  url = {http://link.springer.com/10.1007/s00778-007-0044-3},
  doi = {10.1007/s00778-007-0044-3},
  number = {3},
  urldate = {2013-05-03},
  journal = {The {VLDB} Journal},
  author = {Papazoglou, Mike P. and Heuvel, Willem-Jan},
  month = {Mar.},
  year = {2007},
  pages = {389--415},
}

@incollection{pathak2007service-oriented,
  series = {Lecture Notes in Computer Science},
  title = {A Service-Oriented Architecture for Electric Power Transmission System Asset Management},
  copyright = {©2007 Springer-Verlag Berlin Heidelberg},
  isbn = {978-3-540-75491-6, 978-3-540-75492-3},
  url = {http://link.springer.com/chapter/10.1007/978-3-540-75492-3_3},
  urldate = {2013-08-20},
  booktitle = {Service-Oriented Computing {ICSOC} 2006},
  publisher = {Springer},
  author = {Pathak, Jyotishman and others},
  editor = {Georgakopoulos, Dimitrios and others},
  month = {Jan.},
  year = {2007},
  pages = {26--37},
  address = {Berlin}
}

@article{qiu2006wavelet,
  title = {Wavelet filter-based weak signature detection method and its application on rolling
      element bearing prognostics},
  volume = {289},
  issn = {0022-{460X}},
  url = {http://www.sciencedirect.com/science/article/pii/S0022460X0500221X},
  doi = {10.1016/j.jsv.2005.03.007},
  number = {4–5},
  journal = {Journal of Sound and Vibration},
  author = {Qiu, Hai and others},
  month = {Feb.},
  year = {2006},
  pages = {1066--1090},
}

@article{ragavan2012service,
  title = {Service Oriented Framework for Industrial Automation Systems},
  author = {Ragavan, S Veera and Kusnanto, Ibrahim Kusumah and Ganapathy, Velappa},
  journal = {Procedia Engineering},
  volume = {41},
  pages = {716--723},
  year = {2012},
  publisher = {Elsevier}
}

@inproceedings{ramollari2007survey,
  title = {A survey of service oriented development methodologies},
  author = {Ramollari, Ervin and Dranidis, Dimitris and Simons, Anthony JH},
  booktitle = {Proceedings of the 2nd European Young Researchers Workshop on Service Oriented
      Computing},
  pages = {75},
  year = {2007},
  address = {Leicester}
}

@inproceedings{ribeiro2008generic,
  title = {A generic communication interface for {DPWS-based} web services},
  doi = {10.1109/INDIN.2008.4618204},
  booktitle = {Proceedings of the 6th {IEEE} International Conference on Industrial Informatics
      ({INDIN})},
  author = {Ribeiro, L. and others},
  year = {2008},
  pages = {762--767},
  organization = {IEEE},
  address = {Daejeon}
}

@article{rioul1991wavelets,
  title = {Wavelets and signal processing},
  volume = {8},
  issn = {1053-5888},
  doi = {10.1109/79.91217},
  number = {4},
  journal = {{IEEE} Signal Processing Magazine},
  author = {Rioul, O. and Vetterli, M.},
  year = {1991},
  pages = {14--38},
}

@article{schulte1996service,
  title = {Service oriented architectures, part 1},
  author = {Schulte, Roy W and Natis, Yefim V},
  journal = {Gartner, SSA Research Note SPA-401-068},
  year = {1996}
}

@techreport{shikari2004automation,
  title = {Automation in condition based maintenance using vibration analysis},
  author = {Shikari, Bankim and Sadiwala, CM and Dwivedi, RK},
  institution = {Department of Mechanical Engineering, Maulana Azad National Institute of
      Technology},
  publication = {Maulana Azad National Institute of Technology},
  address = {Bhopal},
  year = {2004}
}

@online{sqlite2013homepage,
  author = {{SQLITE}},
  title = {{SQLite} Home Page},
  howpublished = {http://www.sqlite.org},
  month = {15 de Maio de},
  year = {2013}
}

@inproceedings{starke2013flexible,
  title = {Flexible collaboration and control of heterogeneous mechatronic devices and systems by
      means of an event-driven, {SOA-based} automation concept},
  doi = {10.1109/ICIT.2013.6505982},
  booktitle = {Proceedings of the {IEEE} International Conference on Industrial Technology
      ({ICIT)}},
  author = {Starke, G. and Kunkel, T. and Hahn, D.},
  year = {2013},
  pages = {1982--1987},
  organization = {IEEE},
  address = {Cape Town}
}

@inproceedings{thurston2001open,
  title = {An open standard for Web-based condition-based maintenance systems},
  doi = {10.1109/AUTEST.2001.949021},
  booktitle = {Proceedings of the {IEEE} Systems Readiness Technology Conference {AUTOTESTCON}},
  author = {Thurston, {M.G.}},
  year = {2001},
  pages = {401--415},
  organization = {IEEE},
  address = {Valley Forge}
}

@inproceedings{zeeb2007service,
  title = {Service-oriented architectures for embedded systems using devices profile for web
      services},
  author = {Zeeb, Elmar and others},
  booktitle = {Proceedings of the 21st International Conference on Advanced Information Networking
      and Applications Workshops AINAW'07},
  volume = {1},
  pages = {956--963},
  year = {2007},
  organization = {IEEE},
  address = {Niagara Falls}
}

@article{zhang2013performance,
  title = {Performance Assessment for a Fleet of Machines Using a Combined Method of Ant-Based
      Clustering and {CMAC}},
  volume = {2013},
  issn = {1687-8132},
  url = {http://www.hindawi.com/journals/ame/2013/603071/abs/},
  doi = {10.1155/2013/603071},
  language = {en},
  urldate = {2013-09-04},
  journal = {Advances in Mechanical Engineering},
  author = {Zhang, Lei and Cao, Qixin and Lee, Jay},
  month = {Aug.},
  year = {2013},
}

@article{zhao2010predictive,
  title = {Predictive maintenance policy based on process data},
  volume = {103},
  issn = {0169-7439},
  url = {http://www.sciencedirect.com/science/article/pii/S016974391000119X},
  doi = {10.1016/j.chemolab.2010.06.009},
  number = {2},
  urldate = {2013-05-03},
  journal = {Chemometrics and Intelligent Laboratory Systems},
  author = {Zhao, Zhen and others},
  month = {Oct.},
  year = {2010},
  pages = {137--143},
}

@article{zhao2010soabased,
  title = {{SOA-based} remote condition monitoring and fault diagnosis system},
  volume = {46},
  issn = {0268-3768, 1433-3015},
  url = {http://link.springer.com/article/10.1007/s00170-009-2178-5},
  doi = {10.1007/s00170-009-2178-5},
  language = {en},
  number = {9-12},
  urldate = {2013-10-21},
  journal = {The International Journal of Advanced Manufacturing Technology},
  author = {Zhao, Fagang and others},
  month = {Feb.},
  year = {2010},
  pages = {1191--1200},
}

@article{zuccolotto2013i2ms2c,
  title = {{I2MS2C} -- {IMS} Architeture Proposal},
  author = {Zuccolotto, Marcos and Pereira, Carlos E. and Hellingrath, Bernd and Frazzon, Enzo M.
    and Espíndola, Danúbia and Henriques, Renato V. B.},
  journal = {Chemical Engineering Transactions},
  volume = {33},
  year = {2013},
  publisher = {AIDIC}
}
